[{"ev":"T","sym":"TSLA","i":"52983525296981","x":9,"p":6.36,"s":100,"c":[12,45],"t":1649364515217,"q":3040866,"z":1}]
[{"ev":"T","sym":"TSLA","i":"52983525296981","x":9,"p":6.36,"s":100,"c":[12,45],"t":1649364516218,"q":3040866,"z":1}]
[{"ev":"T","sym":"TSLA","i":"52983525296981","x":9,"p":6.36,"s":100,"c":[12,45],"t":1649364517219,"q":3040866,"z":1}]
[{"ev":"T","sym":"TSLA","i":"52983525296981","x":9,"p":6.36,"s":100,"c":[12],"t":1649364518220,"q":3040866,"z":1}]
[{"ev":"T","sym":"TSLA","i":"52983525296981","x":9,"p":6.36,"s":100,"c":[121],"t":1649364519221,"q":3040866,"z":1}]
[{"ev":"T","sym":"TSLA","i":"52983525296981","x":9,"p":6.36,"s":100,"c":[1],"t":1649364520222,"q":3040866,"z":1}]
[{"ev":"T","sym":"TSLA","i":"52983525296981","x":9,"p":6.36,"s":100,"c":[12,45],"t":1649364521223,"q":3040866,"z":1}]
[{"ev":"T","sym":"TSLA","i":"52983525296981","x":9,"p":6.36,"s":100,"c":[12,45],"t":1649364522224,"q":3040866,"z":1}]
[{"ev":"T","sym":"TSLA","i":"52983525296981","x":9,"p":6.36,"s":100,"c":[12,45],"t":1649364523225,"q":3040866,"z":1}]
[{"ev":"T","sym":"TSLA","i":"52983525296981","x":9,"p":6.36,"s":100,"c":[12],"t":1649364524226,"q":3040866,"z":1}]
[{"ev":"T","sym":"TSLA","i":"52983525296981","x":9,"p":6.36,"s":100,"c":[121],"t":1649364526227,"q":3040866,"z":1}]
[{"ev":"T","sym":"TSLA","i":"52983525296981","x":9,"p":6.36,"s":100,"c":[1],"t":1649364527228,"q":3040866,"z":1}]
[{"ev":"T","sym":"TSLA","i":"52983525296981","x":9,"p":6.36,"s":100,"c":[12,45],"t":1649364528229,"q":3040866,"z":1}]
[{"ev":"T","sym":"TSLA","i":"52983525296981","x":9,"p":6.36,"s":100,"c":[12,45],"t":1649364529230,"q":3040866,"z":1}]
[{"ev":"T","sym":"TSLA","i":"52983525296981","x":9,"p":6.36,"s":100,"c":[12,45],"t":1649364530232,"q":3040866,"z":1}]
[{"ev":"T","sym":"TSLA","i":"52983525296981","x":9,"p":6.36,"s":100,"c":[12],"t":1649364531232,"q":3040866,"z":1}]
[{"ev":"T","sym":"TSLA","i":"52983525296981","x":9,"p":6.36,"s":100,"c":[121],"t":1649364532233,"q":3040866,"z":1}]
[{"ev":"T","sym":"TSLA","i":"52983525296981","x":9,"p":6.36,"s":100,"c":[1],"t":1649364533234,"q":3040866,"z":1}]